%% This BibTeX bibliography file was created using BibDesk.
%% http://bibdesk.sourceforge.net/


%% Created for Samuel Factor at 2015-12-02 02:11:08 -0600 


%% Saved with string encoding Unicode (UTF-8) 



@article{BKL,
	Adsnote = {Provided by the SAO/NASA Astrophysics Data System},
	Adsurl = {http://adsabs.harvard.edu/abs/2001ApJ...552..464B},
	Author = {{Bromm}, V. and {Kudritzki}, R.~P. and {Loeb}, A.},
	Date-Added = {2015-12-02 08:10:30 +0000},
	Date-Modified = {2015-12-02 08:10:39 +0000},
	Doi = {10.1086/320549},
	Eprint = {astro-ph/0007248},
	Journal = {\apj},
	Keywords = {Cosmology: Theory, Cosmology: Early Universe, Galaxies: Intergalactic Medium, Stars: Atmospheres, Stars: Formation, Ultraviolet: Stars},
	Month = may,
	Pages = {464-472},
	Title = {{Generic Spectrum and Ionization Efficiency of a Heavy Initial Mass Function for the First Stars}},
	Volume = 552,
	Year = 2001,
	Bdsk-Url-1 = {http://dx.doi.org/10.1086/320549}}

@inproceedings{pop3,
	Adsnote = {Provided by the SAO/NASA Astrophysics Data System},
	Adsurl = {http://adsabs.harvard.edu/abs/2003fthp.conf....3H},
	Author = {{Heger}, A. and {Woosley}, S.~E. and {Fryer}, C.~L. and {Langer}, N.},
	Booktitle = {From Twilight to Highlight: The Physics of Supernovae},
	Date-Added = {2015-12-02 08:10:05 +0000},
	Date-Modified = {2015-12-02 08:10:48 +0000},
	Doi = {10.1007/10828549_1},
	Editor = {{Hillebrandt}, W. and {Leibundgut}, B.},
	Eprint = {astro-ph/0211062},
	Pages = {3-540},
	Title = {{Massive Star Evolution Through the Ages}},
	Year = 2003,
	Bdsk-Url-1 = {http://dx.doi.org/10.1007/10828549_1}}
